<?xml version="1.0" encoding="UTF-8" ?>
<marc:collection xmlns:marc="http://www.loc.gov/MARC21/slim" xmlns:xsi="http://www.w3.org/2001/XMLSchema-instance" xsi:schemaLocation="http://www.loc.gov/MARC21/slim http://www.loc.gov/standards/marcxml/schema/MARC21slim.xsd">

  <marc:record>
    <marc:leader>00784cam a2200229I  4500</marc:leader>
    <marc:controlfield tag="001">401984</marc:controlfield>
    <marc:controlfield tag="003">OR</marc:controlfield>
    <marc:controlfield tag="008">910608s1915    mauacfg       000 0 eng  </marc:controlfield>
    <marc:datafield tag="010" ind1=" " ind2=" ">
      <marc:subfield code="a">15025834</marc:subfield>
    </marc:datafield>
    <marc:datafield tag="035" ind1=" " ind2=" ">
      <marc:subfield code="a">10448927</marc:subfield>
    </marc:datafield>
    <marc:datafield tag="040" ind1=" " ind2=" ">
      <marc:subfield code="a">DLC</marc:subfield>
      <marc:subfield code="c">OUN</marc:subfield>
      <marc:subfield code="d">OCL</marc:subfield>
      <marc:subfield code="d">ORE</marc:subfield>
    </marc:datafield>
    <marc:datafield tag="049" ind1=" " ind2=" ">
      <marc:subfield code="a">OREU</marc:subfield>
      <marc:subfield code="l">bna</marc:subfield>
    </marc:datafield>
    <marc:datafield tag="050" ind1="0" ind2=" ">
      <marc:subfield code="a">MT1</marc:subfield>
      <marc:subfield code="b">.E44</marc:subfield>
    </marc:datafield>
    <marc:datafield tag="090" ind1=" " ind2=" ">
      <marc:subfield code="a">MT1</marc:subfield>
      <marc:subfield code="b">.E5</marc:subfield>
    </marc:datafield>
    <marc:datafield tag="090" ind1=" " ind2=" ">
      <marc:subfield code="a">MT1</marc:subfield>
      <marc:subfield code="b">.E5</marc:subfield>
    </marc:datafield>
    <marc:datafield tag="100" ind1="1" ind2=" ">
      <marc:subfield code="a">Elson, Arthur,</marc:subfield>
      <marc:subfield code="d">1873-1940.</marc:subfield>
    </marc:datafield>
    <marc:datafield tag="245" ind1="1" ind2="4">
      <marc:subfield code="a">The book of musical knowledge;</marc:subfield>
      <marc:subfield code="b">the history, technique, and appreciation of music, together with lives of the great composers, for music-lovers, students and teachers,</marc:subfield>
      <marc:subfield code="c">by Arthur Elson ...</marc:subfield>
    </marc:datafield>
    <marc:datafield tag="260" ind1=" " ind2=" ">
      <marc:subfield code="a">Boston,</marc:subfield>
      <marc:subfield code="a">New York,</marc:subfield>
      <marc:subfield code="b">Houghton Mifflin Company,</marc:subfield>
      <marc:subfield code="c">c1915.</marc:subfield>
    </marc:datafield>
    <marc:datafield tag="300" ind1=" " ind2=" ">
      <marc:subfield code="a">xii, 603 p., plates.</marc:subfield>
      <marc:subfield code="b">front., illus. (incl. music) ports., facsim.</marc:subfield>
      <marc:subfield code="c">24 cm.</marc:subfield>
    </marc:datafield>
    <marc:datafield tag="650" ind1=" " ind2="0">
      <marc:subfield code="a">Music.</marc:subfield>
    </marc:datafield>
    <marc:datafield tag="650" ind1=" " ind2="0">
      <marc:subfield code="a">Musicians.</marc:subfield>
    </marc:datafield>
    <marc:datafield tag="907" ind1=" " ind2=" ">
      <marc:subfield code="b">14336339</marc:subfield>
    </marc:datafield>
  </marc:record>