
  <marc:record>
    <marc:leader>00833nam a22002891  4500</marc:leader>
    <marc:controlfield tag="001">885766</marc:controlfield>
    <marc:controlfield tag="003">OR</marc:controlfield>
    <marc:controlfield tag="008">910608r19671928nyu           000 0 eng  </marc:controlfield>
    <marc:datafield tag="010" ind1=" " ind2=" ">
      <marc:subfield code="a">67030230</marc:subfield>
    </marc:datafield>
    <marc:datafield tag="035" ind1=" " ind2=" ">
      <marc:subfield code="a">10083835</marc:subfield>
    </marc:datafield>
    <marc:datafield tag="040" ind1=" " ind2=" ">
      <marc:subfield code="a">DLC</marc:subfield>
      <marc:subfield code="c">DLC</marc:subfield>
      <marc:subfield code="d">m.c.</marc:subfield>
      <marc:subfield code="d">ORE</marc:subfield>
    </marc:datafield>
    <marc:datafield tag="049" ind1=" " ind2=" ">
      <marc:subfield code="a">OREU</marc:subfield>
      <marc:subfield code="l">bna</marc:subfield>
    </marc:datafield>
    <marc:datafield tag="050" ind1="0" ind2=" ">
      <marc:subfield code="a">PS3535.O714</marc:subfield>
      <marc:subfield code="b">B8 1967</marc:subfield>
    </marc:datafield>
    <marc:datafield tag="082" ind1=" " ind2=" ">
      <marc:subfield code="a">700/.8</marc:subfield>
    </marc:datafield>
    <marc:datafield tag="090" ind1=" " ind2=" ">
      <marc:subfield code="a">PS3535.O714</marc:subfield>
      <marc:subfield code="b">B8 1928a</marc:subfield>
    </marc:datafield>
    <marc:datafield tag="090" ind1=" " ind2=" ">
      <marc:subfield code="a">PS3535.O714</marc:subfield>
      <marc:subfield code="b">B8 1928a</marc:subfield>
    </marc:datafield>
    <marc:datafield tag="100" ind1="1" ind2=" ">
      <marc:subfield code="a">Rosenfeld, Paul,</marc:subfield>
      <marc:subfield code="d">1890-1946.</marc:subfield>
    </marc:datafield>
    <marc:datafield tag="245" ind1="1" ind2="0">
      <marc:subfield code="a">By way of art;</marc:subfield>
      <marc:subfield code="b">criticisms of music, literature, painting, sculpture, and the dance.</marc:subfield>
    </marc:datafield>
    <marc:datafield tag="260" ind1=" " ind2=" ">
      <marc:subfield code="a">Freeport, N.Y.,</marc:subfield>
      <marc:subfield code="b">Books for Libraries Press</marc:subfield>
      <marc:subfield code="c">[1967]</marc:subfield>
    </marc:datafield>
    <marc:datafield tag="300" ind1=" " ind2=" ">
      <marc:subfield code="a">x, 309 p.</marc:subfield>
      <marc:subfield code="c">22 cm.</marc:subfield>
    </marc:datafield>
    <marc:datafield tag="490" ind1="1" ind2=" ">
      <marc:subfield code="a">Essay index reprint series.</marc:subfield>
    </marc:datafield>
    <marc:datafield tag="500" ind1=" " ind2=" ">
      <marc:subfield code="a">Reprint of the 1928 ed.</marc:subfield>
    </marc:datafield>
    <marc:datafield tag="650" ind1=" " ind2="0">
      <marc:subfield code="a">Art.</marc:subfield>
    </marc:datafield>
    <marc:datafield tag="650" ind1=" " ind2="0">
      <marc:subfield code="a">Music.</marc:subfield>
    </marc:datafield>
    <marc:datafield tag="650" ind1=" " ind2="0">
      <marc:subfield code="a">Literature.</marc:subfield>
    </marc:datafield>
    <marc:datafield tag="830" ind1=" " ind2="0">
      <marc:subfield code="a">Essay index reprint series.</marc:subfield>
    </marc:datafield>
    <marc:datafield tag="907" ind1=" " ind2=" ">
      <marc:subfield code="b">10823633</marc:subfield>
    </marc:datafield>
  </marc:record>