
  <marc:record>
    <marc:leader>00630nam a2200217I  4500</marc:leader>
    <marc:controlfield tag="001">1213090</marc:controlfield>
    <marc:controlfield tag="003">OR</marc:controlfield>
    <marc:controlfield tag="008">910608s1947    nyu           000 0 eng u</marc:controlfield>
    <marc:datafield tag="010" ind1=" " ind2=" ">
      <marc:subfield code="a">48005256</marc:subfield>
    </marc:datafield>
    <marc:datafield tag="035" ind1=" " ind2=" ">
      <marc:subfield code="a">10475979</marc:subfield>
    </marc:datafield>
    <marc:datafield tag="040" ind1=" " ind2=" ">
      <marc:subfield code="c">XFM</marc:subfield>
      <marc:subfield code="d">ORE</marc:subfield>
    </marc:datafield>
    <marc:datafield tag="049" ind1=" " ind2=" ">
      <marc:subfield code="a">OREU</marc:subfield>
      <marc:subfield code="l">bna</marc:subfield>
    </marc:datafield>
    <marc:datafield tag="090" ind1=" " ind2=" ">
      <marc:subfield code="a">ML55</marc:subfield>
      <marc:subfield code="b">.F2</marc:subfield>
    </marc:datafield>
    <marc:datafield tag="090" ind1=" " ind2=" ">
      <marc:subfield code="a">ML55</marc:subfield>
      <marc:subfield code="b">.F2</marc:subfield>
    </marc:datafield>
    <marc:datafield tag="100" ind1="1" ind2=" ">
      <marc:subfield code="a">Fabricant, Noah D.</marc:subfield>
      <marc:subfield code="q">(Noah Daniel),</marc:subfield>
      <marc:subfield code="d">1904-</marc:subfield>
    </marc:datafield>
    <marc:datafield tag="245" ind1="1" ind2="2">
      <marc:subfield code="a">A caravan of music stories by the world's great authors;</marc:subfield>
      <marc:subfield code="c">ed. by Noah D. Fabricant and Heinz Werner; introd. by Karl Krueger.</marc:subfield>
    </marc:datafield>
    <marc:datafield tag="260" ind1=" " ind2=" ">
      <marc:subfield code="a">New York,</marc:subfield>
      <marc:subfield code="b">F. Fell,</marc:subfield>
      <marc:subfield code="c">1947.</marc:subfield>
    </marc:datafield>
    <marc:datafield tag="300" ind1=" " ind2=" ">
      <marc:subfield code="a">x, 312 p.</marc:subfield>
      <marc:subfield code="c">22 cm.</marc:subfield>
    </marc:datafield>
    <marc:datafield tag="650" ind1=" " ind2="0">
      <marc:subfield code="a">Music.</marc:subfield>
    </marc:datafield>
    <marc:datafield tag="700" ind1="1" ind2=" ">
      <marc:subfield code="a">Werner, Heinz,</marc:subfield>
      <marc:subfield code="d">1901-</marc:subfield>
    </marc:datafield>
    <marc:datafield tag="907" ind1=" " ind2=" ">
      <marc:subfield code="b">14597172</marc:subfield>
    </marc:datafield>
  </marc:record>