
  <marc:record>
    <marc:leader>00717pam a2200253   4500</marc:leader>
    <marc:controlfield tag="001">213534</marc:controlfield>
    <marc:controlfield tag="003">OR</marc:controlfield>
    <marc:controlfield tag="008">910608r1972    nyua         |000 0 eng  </marc:controlfield>
    <marc:datafield tag="010" ind1=" " ind2=" ">
      <marc:subfield code="a">74166098 /MN</marc:subfield>
    </marc:datafield>
    <marc:datafield tag="020" ind1=" " ind2=" ">
      <marc:subfield code="a">0306702932</marc:subfield>
    </marc:datafield>
    <marc:datafield tag="035" ind1=" " ind2=" ">
      <marc:subfield code="a">10021740</marc:subfield>
    </marc:datafield>
    <marc:datafield tag="040" ind1=" " ind2=" ">
      <marc:subfield code="a">DLC</marc:subfield>
      <marc:subfield code="c">DLC</marc:subfield>
      <marc:subfield code="d">m.c.</marc:subfield>
      <marc:subfield code="d">ORE</marc:subfield>
    </marc:datafield>
    <marc:datafield tag="049" ind1=" " ind2=" ">
      <marc:subfield code="a">OREU</marc:subfield>
      <marc:subfield code="l">bna</marc:subfield>
    </marc:datafield>
    <marc:datafield tag="050" ind1=" " ind2=" ">
      <marc:subfield code="a">ML60</marc:subfield>
      <marc:subfield code="b">.B664 1972</marc:subfield>
    </marc:datafield>
    <marc:datafield tag="050" ind1="0" ind2=" ">
      <marc:subfield code="a">ML60</marc:subfield>
      <marc:subfield code="b">.B664 1972</marc:subfield>
    </marc:datafield>
    <marc:datafield tag="082" ind1=" " ind2=" ">
      <marc:subfield code="a">780/.8</marc:subfield>
    </marc:datafield>
    <marc:datafield tag="100" ind1="1" ind2=" ">
      <marc:subfield code="a">Blom, Eric,</marc:subfield>
      <marc:subfield code="d">1888-1959.</marc:subfield>
    </marc:datafield>
    <marc:datafield tag="245" ind1="1" ind2="0">
      <marc:subfield code="a">Classics: major and minor,</marc:subfield>
      <marc:subfield code="b">with some other musical ruminations.</marc:subfield>
    </marc:datafield>
    <marc:datafield tag="260" ind1=" " ind2=" ">
      <marc:subfield code="a">New York,</marc:subfield>
      <marc:subfield code="b">Da Capo Press,</marc:subfield>
      <marc:subfield code="c">1972 [c1958]</marc:subfield>
    </marc:datafield>
    <marc:datafield tag="300" ind1=" " ind2=" ">
      <marc:subfield code="a">xi, 212 p.</marc:subfield>
      <marc:subfield code="b">illus.</marc:subfield>
      <marc:subfield code="c">22 cm.</marc:subfield>
    </marc:datafield>
    <marc:datafield tag="490" ind1="1" ind2=" ">
      <marc:subfield code="a">Da Capo Press music reprint series.</marc:subfield>
    </marc:datafield>
    <marc:datafield tag="650" ind1=" " ind2="0">
      <marc:subfield code="a">Music.</marc:subfield>
    </marc:datafield>
    <marc:datafield tag="830" ind1=" " ind2="0">
      <marc:subfield code="a">Da Capo Press music reprint series.</marc:subfield>
    </marc:datafield>
    <marc:datafield tag="907" ind1=" " ind2=" ">
      <marc:subfield code="b">10213454</marc:subfield>
    </marc:datafield>
  </marc:record>