
  <marc:record>
    <marc:leader>01134cam a2200229I  4500</marc:leader>
    <marc:controlfield tag="001">285912</marc:controlfield>
    <marc:controlfield tag="003">OR</marc:controlfield>
    <marc:controlfield tag="008">910608s1928    enkag         000 0cengm </marc:controlfield>
    <marc:datafield tag="010" ind1=" " ind2=" ">
      <marc:subfield code="a">29014488</marc:subfield>
    </marc:datafield>
    <marc:datafield tag="035" ind1=" " ind2=" ">
      <marc:subfield code="a">10476121</marc:subfield>
    </marc:datafield>
    <marc:datafield tag="040" ind1=" " ind2=" ">
      <marc:subfield code="a">DLC</marc:subfield>
      <marc:subfield code="c">URB</marc:subfield>
      <marc:subfield code="d">OCL</marc:subfield>
      <marc:subfield code="d">m/c</marc:subfield>
      <marc:subfield code="d">ORE</marc:subfield>
    </marc:datafield>
    <marc:datafield tag="049" ind1=" " ind2=" ">
      <marc:subfield code="a">OREU</marc:subfield>
      <marc:subfield code="l">bna</marc:subfield>
    </marc:datafield>
    <marc:datafield tag="050" ind1="0" ind2=" ">
      <marc:subfield code="a">ML60.H15</marc:subfield>
      <marc:subfield code="b">C7</marc:subfield>
    </marc:datafield>
    <marc:datafield tag="090" ind1=" " ind2=" ">
      <marc:subfield code="a">ML60</marc:subfield>
      <marc:subfield code="b">.H15</marc:subfield>
    </marc:datafield>
    <marc:datafield tag="090" ind1=" " ind2=" ">
      <marc:subfield code="a">ML60</marc:subfield>
      <marc:subfield code="b">.H15</marc:subfield>
    </marc:datafield>
    <marc:datafield tag="100" ind1="1" ind2=" ">
      <marc:subfield code="a">Hadow, W. H.</marc:subfield>
      <marc:subfield code="q">(William Henry),</marc:subfield>
      <marc:subfield code="d">1859-1937.</marc:subfield>
    </marc:datafield>
    <marc:datafield tag="245" ind1="0" ind2="0">
      <marc:subfield code="a">Collected essays</marc:subfield>
      <marc:subfield code="c">[by] W. H. Hadow.</marc:subfield>
    </marc:datafield>
    <marc:datafield tag="260" ind1=" " ind2=" ">
      <marc:subfield code="a">London,</marc:subfield>
      <marc:subfield code="b">Oxford University Press, H. Milford,</marc:subfield>
      <marc:subfield code="c">1928.</marc:subfield>
    </marc:datafield>
    <marc:datafield tag="300" ind1=" " ind2=" ">
      <marc:subfield code="a">4 p. l., 343, [1] p.</marc:subfield>
      <marc:subfield code="b">illus. (music)</marc:subfield>
      <marc:subfield code="c">23 cm.</marc:subfield>
    </marc:datafield>
    <marc:datafield tag="505" ind1="0" ind2=" ">
      <marc:subfield code="a">Some tendencies in modern music.--Some aspects of modern music.--William Byrd, 1623-1923.--A Croatian composer [Haydn]--Beethoven.--Brahms and the classical tradition.--Sir Hubert Parry.--Music and drama.--Church music.--The place of beauty in worship.--A comparison of poetry and music.--Music and education: I. The place of music in life. II. The place of humane letters in education. III. The place of music in humane letters.--Some landmarks in education.--Iago.--The use of comic episodes in tragedy.--Epilogue.</marc:subfield>
    </marc:datafield>
    <marc:datafield tag="650" ind1=" " ind2="0">
      <marc:subfield code="a">Music.</marc:subfield>
    </marc:datafield>
    <marc:datafield tag="907" ind1=" " ind2=" ">
      <marc:subfield code="b">14598565</marc:subfield>
    </marc:datafield>
  </marc:record>