
  <marc:record>
    <marc:leader>01146cam a2200265   4500</marc:leader>
    <marc:controlfield tag="001">79748</marc:controlfield>
    <marc:controlfield tag="003">OR</marc:controlfield>
    <marc:controlfield tag="008">910608r19701940nyuag         001 0 eng  </marc:controlfield>
    <marc:datafield tag="010" ind1=" " ind2=" ">
      <marc:subfield code="a">73111873 /MN/r86</marc:subfield>
    </marc:datafield>
    <marc:datafield tag="020" ind1=" " ind2=" ">
      <marc:subfield code="a">0836916360</marc:subfield>
    </marc:datafield>
    <marc:datafield tag="035" ind1=" " ind2=" ">
      <marc:subfield code="a">10476396</marc:subfield>
    </marc:datafield>
    <marc:datafield tag="040" ind1=" " ind2=" ">
      <marc:subfield code="a">DLC</marc:subfield>
      <marc:subfield code="c">DLC</marc:subfield>
      <marc:subfield code="d">m.c.</marc:subfield>
      <marc:subfield code="d">OCL</marc:subfield>
      <marc:subfield code="d">ORE</marc:subfield>
    </marc:datafield>
    <marc:datafield tag="049" ind1=" " ind2=" ">
      <marc:subfield code="a">OREU</marc:subfield>
      <marc:subfield code="l">bna</marc:subfield>
    </marc:datafield>
    <marc:datafield tag="050" ind1=" " ind2=" ">
      <marc:subfield code="a">ML60.W49</marc:subfield>
      <marc:subfield code="b">C6 1940a</marc:subfield>
    </marc:datafield>
    <marc:datafield tag="050" ind1="0" ind2=" ">
      <marc:subfield code="a">ML60.W49</marc:subfield>
      <marc:subfield code="b">C6 1940a</marc:subfield>
    </marc:datafield>
    <marc:datafield tag="082" ind1=" " ind2=" ">
      <marc:subfield code="a">780</marc:subfield>
    </marc:datafield>
    <marc:datafield tag="100" ind1="1" ind2=" ">
      <marc:subfield code="a">Whittaker, W. G.</marc:subfield>
      <marc:subfield code="q">(William Gillies),</marc:subfield>
      <marc:subfield code="d">1876-1944.</marc:subfield>
    </marc:datafield>
    <marc:datafield tag="245" ind1="0" ind2="0">
      <marc:subfield code="a">Collected essays.</marc:subfield>
    </marc:datafield>
    <marc:datafield tag="260" ind1=" " ind2=" ">
      <marc:subfield code="a">Freeport, N.Y.,</marc:subfield>
      <marc:subfield code="b">Books for Libraries Press</marc:subfield>
      <marc:subfield code="c">[1970]</marc:subfield>
    </marc:datafield>
    <marc:datafield tag="300" ind1=" " ind2=" ">
      <marc:subfield code="a">235 p.</marc:subfield>
      <marc:subfield code="b">illus., music.</marc:subfield>
      <marc:subfield code="c">23 cm.</marc:subfield>
    </marc:datafield>
    <marc:datafield tag="440" ind1=" " ind2="0">
      <marc:subfield code="a">Essay index reprint series.</marc:subfield>
    </marc:datafield>
    <marc:datafield tag="500" ind1=" " ind2=" ">
      <marc:subfield code="a">Reprint of the 1940 ed.</marc:subfield>
    </marc:datafield>
    <marc:datafield tag="505" ind1="0" ind2=" ">
      <marc:subfield code="a">The folk-music of north-eastern England.--The claims of tonic solfa.--An adventure (Tallis's 40-part motet)--William Young.--Some observations on Purcell's harmony.--A pilgrimage through the church cantatas of J. S. Bach.--The Bachs and Eisenach.--Handel, Bach, and Mr. Robinson.--The choral writing in the Missa solennis.--Some notes on Fidelio.--Wagner's version of Gluck's Iphigenia in Aulis.--The business of a musical editor.</marc:subfield>
    </marc:datafield>
    <marc:datafield tag="650" ind1=" " ind2="0">
      <marc:subfield code="a">Music.</marc:subfield>
    </marc:datafield>
    <marc:datafield tag="907" ind1=" " ind2=" ">
      <marc:subfield code="b">14601060</marc:subfield>
    </marc:datafield>
  </marc:record>

</marc:collection>
